@online{kollipara2022bank,
  author    = {Radheshyam Kollipara},
  title     = {Bank Customer Churn Dataset},
  year      = {2022},
  howpublished = {Kaggle dataset},
  url       = {https://www.kaggle.com/datasets/radheshyamkollipara/bank-customer-churn},
  note      = {Accessed 23~October~2025}
}

@article{kumar2022customerretention,
  author  = {Saravana Kumar},
  title   = {Customer Retention Versus Customer Acquisition},
  journal = {Forbes},
  year    = {2022},
  url     = {https://www.forbes.com/councils/forbesbusinesscouncil/2022/12/12/customer-retention-versus-customer-acquisition/},
  note    = {Accessed 23~October~2025}
}

@online{businessbuilders2024cost,
  author = {{Business Builders Co}},
  title  = {The High Cost of Neglecting Customer Retention: Why It's 5x Cheaper to Keep Customers},
  year   = {2024},
  url    = {https://businessbuildersco.com/post/the-high-cost-of-neglecting-customer-retention},
  note   = {Accessed 23~October~2025}
}

@online{georgiev2024customerretention,
  author = {Deyan Georgiev},
  title  = {Customer Retention Statistics \& Predictions [Updated 2024]},
  year   = {2024},
  url    = {https://review42.com/resources/customer-retention-statistics/},
  note   = {Accessed 23~October~2025}
}

@article{dudley2016kaplan,
  author  = {William N. Dudley and Rita Wickham and Nicholas Coombs},
  title   = {An Introduction to Survival Statistics: Kaplan--Meier Analysis},
  journal = {Journal of the Advanced Practitioner in Oncology},
  volume  = {7},
  number  = {1},
  pages   = {91--100},
  year    = {2016},
  url     = {https://pmc.ncbi.nlm.nih.gov/articles/PMC5045282/},
  note    = {Accessed 23~October~2025}
}

@online{sthda_cox,
  author = {Alboukadel Kassambara},
  title  = {Cox Proportional-Hazards Model},
  year   = {2020},
  url    = {https://www.sthda.com/english/wiki/cox-proportional-hazards-model},
  note   = {Accessed 23~October~2025}
}

@online{geeksforgeeks_randomforest,
  author = {{GeeksforGeeks}},
  title  = {Random Forest Algorithm in Machine Learning},
  year   = {2025},
  url    = {https://www.geeksforgeeks.org/machine-learning/random-forest-algorithm-in-machine-learning/},
  note   = {Accessed 23~October~2025}
}

@online{desai_customer_survival,
  author = {Archit Desai},
  title  = {Customer Survival Analysis and Churn Prediction},
  year   = {2023},
  url    = {https://github.com/archd3sai/Customer-Survival-Analysis-and-Churn-Prediction},
  note   = {Accessed 23~October~2025}
}

@article{meleis2010clv,
  author  = {Samir Meleis},
  title   = {Looking Beyond Products to Customer Lifetime Value},
  journal = {Novantas Review},
  year    = {2010},
  note    = {Average banking customer LTV \$2,000--\$4,000}
}

@online{chowdhry2019chime,
  author = {Aman Chowdhry},
  title  = {Chime: Digital Bank Expected To Quadruple Its Revenue This Year To \$200 Million},
  year   = {2019},
  month  = {November},
  url    = {https://pulse2.com/chime-quadruple-revenue-200-million/},
  note   = {Oliver Wyman: CAC ~\$750; LTV ~\$4,500}
}

@article{singh2024productchurn,
  author  = {Pravin Pratap Singh and Fahim Ibne Anik and Ranjan Senapati},
  title   = {Investigating Customer Churn in Banking: A Machine Learning Approach},
  journal = {Data Science and Management},
  volume  = {7},
  number  = {1},
  pages   = {7--16},
  year    = {2024},
  doi     = {10.1016/j.dsm.2023.09.002}
}

@online{smith2025switching,
  author = {Emily Smith},
  title  = {Plugging the Leak: Retaining Banking Customers Amid Record Switching},
  year   = {2025},
  month  = {August},
  organization = {RFI Global},
  url    = {https://rfi.global/plugging-the-leak-retaining-banking-customers-amid-record-switching/}
}

@online{marr2024aging,
  author = {Jim Marr},
  title  = {Stop Chasing Youth: Why Aging Americans Are Key to Banking Success},
  year   = {2024},
  month  = {February},
  organization = {The Financial Brand},
  url    = {https://thefinancialbrand.com/news/demographics/stop-chasing-youth-why-aging-americans-are-key-to-banking-success-188117}
}

@online{ncrc2021agefriendly,
  author = {{National Community Reinvestment Coalition}},
  title  = {Age-Friendly Banking \& Low-to-Moderate-Income Older Adults},
  year   = {2021},
  url    = {https://ncrc.org/afb-standards/}
}

@online{cline2024churn,
  author = {Jeffrey Cline},
  title  = {Four Big Ideas for Banks Looking to Drive Down Attrition},
  year   = {2024},
  month  = {October},
  organization = {The Financial Brand},
  url    = {https://thefinancialbrand.com/news/bank-onboarding/the-churn-challenge-four-big-ideas-for-banks-and-credit-unions-looking-to-drive-down-attrition-182528}
}

@article{weiss2018reengage,
  author  = {Tami Weiss},
  title   = {Build a Program to Re-engage Dead Accounts},
  journal = {ABA Banking Journal},
  year    = {2018},
  month   = {December},
  url     = {https://bankingjournal.aba.com/2018/12/build-a-program-to-re-engage-dead-accounts/}
}

@online{cornerstone2025dormant,
  author = {{Cornerstone Advisors}},
  title  = {The Rising Challenge: Re-engaging Dormant Customers},
  year   = {2025},
  organization = {The Financial Brand},
  note   = {Webinar summary}
}

@online{hunsicker2023multilingual,
  author = {Anna Hunsicker},
  title  = {Benefits of a Multilingual Digital Banking System},
  year   = {2023},
  month  = {October},
  organization = {Jack Henry FinTalk Blog},
  url    = {https://www.jackhenry.com/fintalk/benefits-of-a-multilingual-digital-banking-system}
}

@online{browning2024retention,
  author = {Lance Browning},
  title  = {Lifetime Value vs. Share of Wallet: Which Is the Right Metric for Retention?},
  year   = {2024},
  month  = {February},
  organization = {The Financial Brand},
  url    = {https://thefinancialbrand.com/news/payments-trends/are-banks-using-the-right-metrics-for-customer-retention-175287}
}

@article{reichheld1990zero,
  author  = {Frederick F. Reichheld and W. Earl Sasser},
  title   = {Zero Defections: Quality Comes to Services},
  journal = {Harvard Business Review},
  volume  = {68},
  number  = {5},
  pages   = {105--111},
  year    = {1990}
}

@article{brito2024framework,
  author  = {Jos√© Brito and Carlos Brito and Pedro Henriques and Isabel Ferreira},
  title   = {A Framework to Improve Churn Prediction Performance in Retail Banking},
  journal = {Financial Innovation},
  volume  = {10},
  number  = {17},
  year    = {2024},
  doi     = {10.1186/s40854-023-00558-3}
}

@article{peng2023interpretability,
  author  = {Ke Peng and Yan Peng and Wenguang Li},
  title   = {Research on Customer Churn Prediction and Model Interpretability Analysis},
  journal = {PLOS ONE},
  year    = {2023},
  note    = {PMID: 38064499, PMCID: PMC10707658},
  url     = {https://pmc.ncbi.nlm.nih.gov/articles/PMC10707658/}
}